<?xml version='1.0' encoding='UTF-8'?>
<record xmlns="http://www.loc.gov/MARC21/slim">
  <leader>01314cam a22002771a 4500</leader>
  <controlfield tag="001">3203934</controlfield>
  <controlfield tag="003">NjP</controlfield>
  <controlfield tag="005">20171214170748.0</controlfield>
  <controlfield tag="008">880825m19631964sy            000 0 ara  </controlfield>
  <datafield tag="024" ind1="7" ind2=" ">
    <subfield code="a">princeton_aco002867</subfield>
    <subfield code="2">local</subfield>
  </datafield>
  <datafield ind1=" " ind2=" " tag="010">
    <subfield code="a">   64003501 </subfield>
  </datafield>
  <datafield ind1=" " ind2=" " tag="035">
    <subfield code="a">(OCoLC)ocn179118224</subfield>
  </datafield>
  <datafield ind1=" " ind2=" " tag="040">
    <subfield code="a">NjP</subfield>
    <subfield code="c">PUL</subfield>
    <subfield code="d">PUL</subfield>
  </datafield>
  <datafield ind1=" " ind2=" " tag="035">
    <subfield code="a">(OCoLC)179118224</subfield>
  </datafield>
  <datafield ind1=" " ind2=" " tag="035">
    <subfield code="a">(NjP)3203934</subfield>
  </datafield>
  <datafield ind1=" " ind2=" " tag="079">
    <subfield code="a">ocm49372215</subfield>
  </datafield>
  <datafield ind1=" " ind2=" " tag="049">
    <subfield code="a">PULL</subfield>
  </datafield>
  <datafield ind1="1" ind2=" " tag="100">
    <subfield code="6">880-01</subfield>
    <subfield code="a">Shurunbulālī, Ḥasan ibn ʻAmmār,</subfield>
    <subfield code="d">d. 1658.</subfield>
    <subfield code="0">http://id.loc.gov/authorities/names/n90712577</subfield>
  </datafield>
  <datafield ind1="1" ind2="0" tag="245">
    <subfield code="6">880-02</subfield>
    <subfield code="a">Kitāb nūr al-īḍāḥ wa-najāt al-arwāḥ :</subfield>
    <subfield code="b">ʻalà madhhab al-Imām Abī Ḥanīfah al-Nuʻmān /</subfield>
    <subfield code="c">lil-Abī al-Barakāt Ḥasan ibn ʻAmmār al-Shurunbulālī.</subfield>
  </datafield>
  <datafield ind1=" " ind2=" " tag="260">
    <subfield code="6">880-03</subfield>
    <subfield code="a">Dimashq :</subfield>
    <subfield code="b">Maṭbaʻat al-Ṭāwūsīyah,</subfield>
    <subfield code="c">1963-1964.</subfield>
  </datafield>
  <datafield ind1=" " ind2=" " tag="300">
    <subfield code="a">82 p. ;</subfield>
    <subfield code="c">20 cm.</subfield>
  </datafield>
  <datafield ind1=" " ind2="0" tag="650">
    <subfield code="a">Religious life</subfield>
    <subfield code="x">Islam.</subfield>
    <subfield code="0">http://id.loc.gov/authorities/subjects/sh85112674</subfield>
  </datafield>
  <datafield ind1="1" ind2=" " tag="880">
    <subfield code="6">100-01/r</subfield>
    <subfield code="a">شرنبلالي، حسن بن عمار،</subfield>
    <subfield code="d">d. 1658.</subfield>
  </datafield>
  <datafield ind1="1" ind2="0" tag="880">
    <subfield code="6">245-02/r</subfield>
    <subfield code="a">كتاب نور الاضاح ونجات الارواح :</subfield>
    <subfield code="b">علá مذهب الامام ابي حنيفة النعمان /</subfield>
    <subfield code="c">للابي البركات حسن بن عمار الشرنبلالي.</subfield>
  </datafield>
  <datafield ind1=" " ind2=" " tag="880">
    <subfield code="6">260-03/r</subfield>
    <subfield code="a">دمشق :</subfield>
    <subfield code="b">مطبعة الطاووسية،</subfield>
    <subfield code="c">1963-1964.</subfield>
  </datafield>
  <datafield ind1=" " ind2=" " tag="998">
    <subfield code="s">9550</subfield>
  </datafield>
  <datafield ind1=" " ind2=" " tag="994">
    <subfield code="a">C0</subfield>
    <subfield code="b">PUL</subfield>
  </datafield>
  <datafield ind1=" " ind2=" " tag="999">
    <subfield code="a">3203934</subfield>
  </datafield>
  <datafield ind1="0" ind2=" " tag="852">
    <subfield code="0">3521902</subfield>
    <subfield code="b">rcppa</subfield>
    <subfield code="h">BP135.8.R4</subfield>
    <subfield code="i">S587 1963</subfield>
    <subfield code="x">tr fr nec</subfield>
  </datafield>
  <datafield ind1=" " ind2=" " tag="959">
    <subfield code="a">2009-07-02 12:04:55 -0500</subfield>
  </datafield>
</record>
